% This file was created with JabRef 2.6.
% Encoding: UTF-8

@MISC{PeterMaymounkovDavidMazieres,
  author = {{Peter Maymounkov, David Mazieres}},
  title = {{Kademlia: A Peer-to-peer Information System Based on the XOR Metric}},
  howpublished = {\url{http://pdos.csail.mit.edu/~petar/papers/maymounkov-kademlia-lncs.pdf}},
  owner = {dborkma},
  timestamp = {2011.07.21}
}

