% This file was created with JabRef 2.6.
% Encoding: UTF-8

@MISC{HenningSchulzrinneet.al.2002,
  author = {{Henning Schulzrinne et. al.}},
  title = {{RFC3261: SIP: Session Initiation Protocol}},
  howpublished = {\url{http://tools.ietf.org/html/rfc3261}},
  month = {06},
  year = {2002},
  owner = {dborkma},
  timestamp = {2011.07.26}
}

@MISC{VanJacobsonet.al.2006,
  author = {{Van Jacobson et. al.}},
  title = {{RFC4566: SDP: Session Description Protocol}},
  howpublished = {\url{http://tools.ietf.org/html/rfc4566}},
  month = {07},
  year = {2006},
  owner = {dborkma},
  timestamp = {2011.07.26}
}

