@MISC{bibUCB_BerkeleySoftwareDistribution,
	title = "{Berkeley Software Distribution---{BSD}}",
	note = {Historical reference: \url{http://www.coe.berkeley.edu/labnotes/history_unix.html}},
}

@MISC{bibISI_nsHome,
	title = "{Network Simulator ns-2}",
	note = {Source code available: \url{http://www.isi.edu/nsnam/ns/}},
}

@INPROCEEDINGS{bibKKFT_SplitTcpForMobileAdHocNetworks,
	author = {S.~Kopparty and S.V.~Krishnamurthy and M.~Faloutsos and S.K.~Tripathi},
	title = "{Split {TCP} for Mobile Ad Hoc Networks}",
	booktitle = "{Proceedings of the {IEEE} Global Communications Conference ({GLOBECOM} 2002)}",
	year = 2002,
	 month = {November},
	 location = {Taipei, Taiwan}
}

@BOOK{bibT_ComputerNetworks,
	author = {A.S.~Tanenbaum},
	title = "{Computer Networks}",
	publisher={Prentice Hall {PTR}},
	edition={Fourth},
	year = 2002,
	month = aug
}

@MISC{rfc4071,
  author="R. Austein and B. Wijnen",
  title="{Structure of the IETF Administrative Support Activity (IASA)}",
  series="Request for Comments",
  number="4071",
  howpublished="RFC 4071 (Best Current Practice)",
  publisher="IETF",
  organisation="Internet Engineering Task Force",
  year=2005,
  month=apr,
    url="http://www.ietf.org/rfc/rfc4071.txt",
}

